@book{docarmo,
  added-at = {2011-03-16T00:00:00.000+0100},
  author = {do Carmo, Manfredo P.},
  biburl = {http://www.bibsonomy.org/bibtex/258eaa18020b8234bda1a88bce7f9b053/dblp},
  interhash = {dcc8a99249d52c3bb9445ce2910ce388},
  intrahash = {58eaa18020b8234bda1a88bce7f9b053},
  isbn = {978-0-13-212589-5},
  keywords = {dblp},
  pages = {I-VIII, 1-503},
  publisher = {Prentice Hall},
  timestamp = {2011-04-29T15:26:07.000+0200},
  title = {Differential geometry of curves and surfaces.},
  year = 1976
},

@book{farin,
  added-at = {2011-04-14T00:00:00.000+0200},
  author = {Farin, Gerald E.},
  biburl = {http://www.bibsonomy.org/bibtex/2656d436dd2e5795e526c17982426aa30/dblp},
  interhash = {a65756692832b0914858d233062c6d80},
  intrahash = {656d436dd2e5795e526c17982426aa30},
  keywords = {dblp},
  pages = {I-XVII, 1-444},
  publisher = {Academic Press},
  series = {Computer science and scientific computing},
  timestamp = {2011-04-29T15:26:51.000+0200},
  title = {Curves and surfaces for computer aided geometric design - a practical guide (2.ed.).},
  year = 1990
},

@article{bhattacharya,
  added-at = {2013-09-27T00:00:00.000+0200},
  author = {Bhattacharya, Priyadarshi and Gavrilova, Marina L.},
  biburl = {http://www.bibsonomy.org/bibtex/2b496fd7d6a4b15c7404be8042f7c6955/dblp},
  ee = {http://dx.doi.org/10.1109/MRA.2008.921540},
  interhash = {97386151426bd10fea92825c6fa0e30f},
  intrahash = {b496fd7d6a4b15c7404be8042f7c6955},
  journal = {IEEE Robot. Automat. Mag.},
  keywords = {dblp},
  number = 2,
  pages = {58-66},
  timestamp = {2013-09-28T11:33:20.000+0200},
  title = {Roadmap-Based Path Planning - Using the Voronoi Diagram for a Clearance-Based Shortest Path.},
  url = {http://dblp.uni-trier.de/db/journals/ram/ram15.html#BhattacharyaG08},
  volume = 15,
  year = 2008
},

@inproceedings{ho-liu,
  added-at = {2011-10-18T00:00:00.000+0200},
  author = {Ho, Yi-Ju and Liu, Jing-Sin},
  biburl = {http://www.bibsonomy.org/bibtex/2a5a18fdf01fe5b0a5f7f13090960eed2/dblp},
  booktitle = {CIRA},
  ee = {http://dx.doi.org/10.1109/CIRA.2009.5423161},
  interhash = {4f1a1525d57b71c389744ad1a44f7e64},
  intrahash = {a5a18fdf01fe5b0a5f7f13090960eed2},
  isbn = {978-1-4244-4808-1},
  keywords = {dblp},
  pages = {463-468},
  publisher = {IEEE},
  timestamp = {2011-10-19T11:33:08.000+0200},
  title = {Collision-free curvature-bounded smooth path planning using composite Bezier curve based on Voronoi diagram.},
  url = {http://dblp.uni-trier.de/db/conf/cira/cira2009.html#HoL09},
  year = 2009
},

@inproceedings{seda-pich,
 author = {\v{S}eda, Milo\v{s} and Pich, V\'{a}clav},
 title = {Robot Motion Planning Using Generalised Voronoi Diagrams},
 booktitle = {Proceedings of the 8th Conference on Signal Processing, Computational Geometry and Artificial Vision},
 series = {ISCGAV'08},
 year = {2008},
 isbn = {978-960-6766-95-4},
 location = {Rhodes, Greece},
 pages = {215--220},
 numpages = {6},
 url = {http://dl.acm.org/citation.cfm?id=1503734.1503770},
 acmid = {1503770},
 publisher = {World Scientific and Engineering Academy and Society (WSEAS)},
 address = {Stevens Point, Wisconsin, USA},
 keywords = {cell decomposition, generalised Voronoi diagram, motion planning, roadmap method, sampling methods},
} 





